<record><leader>00000cas a22000007a 4500</leader><controlfield tag="001">37280979</controlfield><controlfield tag="008">970711d1952195uokuwr n       0    0eng d</controlfield><datafield ind1=" " ind2=" " tag="010"><subfield code="a">sn 97070049 </subfield></datafield><datafield ind1=" " ind2=" " tag="040"><subfield code="a">OBN</subfield><subfield code="b">eng</subfield><subfield code="c">OBN</subfield><subfield code="d">OCLCQ</subfield><subfield code="d">OCLCO</subfield></datafield><datafield ind1="1" ind2=" " tag="029"><subfield code="a">AU@</subfield><subfield code="b">000013335611</subfield></datafield><datafield ind1=" " ind2=" " tag="042"><subfield code="a">msc</subfield></datafield><datafield ind1=" " ind2=" " tag="043"><subfield code="a">n-us-ok</subfield></datafield><datafield ind1="0" ind2="4" tag="245"><subfield code="a">The Quinton times and the McCurtain leader.</subfield></datafield><datafield ind1="3" ind2=" " tag="246"><subfield code="a">Quinton times combined with the McCurtain leader</subfield></datafield><datafield ind1="3" ind2=" " tag="246"><subfield code="a">Quinton times</subfield></datafield><datafield ind1=" " ind2=" " tag="260"><subfield code="a">Quinton, Okla. :</subfield><subfield code="b">Victor B. Tolman</subfield></datafield><datafield ind1=" " ind2=" " tag="300"><subfield code="a">v.</subfield></datafield><datafield ind1=" " ind2=" " tag="310"><subfield code="a">Weekly</subfield></datafield><datafield ind1="0" ind2=" " tag="362"><subfield code="a">Vol. 38, no. 51 (Aug. 21, 1952)-</subfield></datafield><datafield ind1=" " ind2=" " tag="500"><subfield code="a">Published as: The Quinton times combined with the McCurtain leader, Sep. 4-Dec. 25, 1952.</subfield></datafield><datafield ind1=" " ind2="0" tag="651"><subfield code="a">Quinton (Okla.)</subfield><subfield code="v">Newspapers.</subfield></datafield><datafield ind1=" " ind2="0" tag="651"><subfield code="a">Pittsburg County (Okla.)</subfield><subfield code="v">Newspapers.</subfield></datafield><datafield ind1=" " ind2=" " tag="752"><subfield code="a">United States</subfield><subfield code="b">Oklahoma</subfield><subfield code="c">Pittsburg</subfield><subfield code="d">Quinton.</subfield></datafield><datafield ind1="0" ind2="4" tag="780"><subfield code="t">Quinton times (Quinton, Okla. : 1918)</subfield><subfield code="w">(DLC)   97070048</subfield><subfield code="w">(OCoLC)37280955</subfield></datafield><datafield ind1="0" ind2="4" tag="780"><subfield code="t">McCurtain leader</subfield><subfield code="w">(DLC)sn 93065962</subfield><subfield code="w">(OCoLC)27781271</subfield></datafield></record>